%YAML 1.1
%TAG !u! tag:unity3d.com,2011:
--- !u!1 &5155696469267152925
GameObject:
  m_ObjectHideFlags: 0
  m_CorrespondingSourceObject: {fileID: 0}
  m_PrefabInstance: {fileID: 0}
  m_PrefabAsset: {fileID: 0}
  serializedVersion: 6
  m_Component:
  - component: {fileID: 5155696469267152924}
  - component: {fileID: 5155696469267152993}
  - component: {fileID: 5155696469267152994}
  - component: {fileID: 5155696469267152995}
  m_Layer: 0
  m_Name: Cube
  m_TagString: Cube
  m_Icon: {fileID: 0}
  m_NavMeshLayer: 0
  m_StaticEditorFlags: 0
  m_IsActive: 1
--- !u!4 &5155696469267152924
Transform:
  m_ObjectHideFlags: 0
  m_CorrespondingSourceObject: {fileID: 0}
  m_PrefabInstance: {fileID: 0}
  m_PrefabAsset: {fileID: 0}
  m_GameObject: {fileID: 5155696469267152925}
  m_LocalRotation: {x: -0, y: -0, z: -0, w: 1}
  m_LocalPosition: {x: 0, y: 0, z: 3}
  m_LocalScale: {x: 1, y: 1, z: 1}
  m_Children:
  - {fileID: 6238556033414498175}
  m_Father: {fileID: 0}
  m_RootOrder: 0
  m_LocalEulerAnglesHint: {x: 0, y: 0, z: 0}
--- !u!65 &5155696469267152993
BoxCollider:
  m_ObjectHideFlags: 0
  m_CorrespondingSourceObject: {fileID: 0}
  m_PrefabInstance: {fileID: 0}
  m_PrefabAsset: {fileID: 0}
  m_GameObject: {fileID: 5155696469267152925}
  m_Material: {fileID: 0}
  m_IsTrigger: 1
  m_Enabled: 1
  serializedVersion: 2
  m_Size: {x: 1, y: 1, z: 1}
  m_Center: {x: 0, y: 0, z: 0}
--- !u!54 &5155696469267152994
Rigidbody:
  m_ObjectHideFlags: 0
  m_CorrespondingSourceObject: {fileID: 0}
  m_PrefabInstance: {fileID: 0}
  m_PrefabAsset: {fileID: 0}
  m_GameObject: {fileID: 5155696469267152925}
  serializedVersion: 2
  m_Mass: 1
  m_Drag: 0
  m_AngularDrag: 0.05
  m_UseGravity: 0
  m_IsKinematic: 1
  m_Interpolate: 0
  m_Constraints: 0
  m_CollisionDetection: 0
--- !u!114 &5155696469267152995
MonoBehaviour:
  m_ObjectHideFlags: 0
  m_CorrespondingSourceObject: {fileID: 0}
  m_PrefabInstance: {fileID: 0}
  m_PrefabAsset: {fileID: 0}
  m_GameObject: {fileID: 5155696469267152925}
  m_Enabled: 1
  m_EditorHideFlags: 0
  m_Script: {fileID: 11500000, guid: 51a787782a6d6954a925a6a5f097cabf, type: 3}
  m_Name: 
  m_EditorClassIdentifier: 
--- !u!1001 &6234033477035503911
PrefabInstance:
  m_ObjectHideFlags: 0
  serializedVersion: 2
  m_Modification:
    m_TransformParent: {fileID: 5155696469267152924}
    m_Modifications:
    - target: {fileID: 1753556849162626, guid: a7093f067fdc44f4980dbb856d56d10e, type: 3}
      propertyPath: m_Name
      value: Building_1a
      objectReference: {fileID: 0}
    - target: {fileID: 1753556849162626, guid: a7093f067fdc44f4980dbb856d56d10e, type: 3}
      propertyPath: m_IsActive
      value: 1
      objectReference: {fileID: 0}
    - target: {fileID: 4628685173995096, guid: a7093f067fdc44f4980dbb856d56d10e, type: 3}
      propertyPath: m_RootOrder
      value: 0
      objectReference: {fileID: 0}
    - target: {fileID: 4628685173995096, guid: a7093f067fdc44f4980dbb856d56d10e, type: 3}
      propertyPath: m_LocalScale.x
      value: 0.3
      objectReference: {fileID: 0}
    - target: {fileID: 4628685173995096, guid: a7093f067fdc44f4980dbb856d56d10e, type: 3}
      propertyPath: m_LocalScale.y
      value: 0.3
      objectReference: {fileID: 0}
    - target: {fileID: 4628685173995096, guid: a7093f067fdc44f4980dbb856d56d10e, type: 3}
      propertyPath: m_LocalScale.z
      value: 0.3
      objectReference: {fileID: 0}
    - target: {fileID: 4628685173995096, guid: a7093f067fdc44f4980dbb856d56d10e, type: 3}
      propertyPath: m_LocalPosition.x
      value: 0
      objectReference: {fileID: 0}
    - target: {fileID: 4628685173995096, guid: a7093f067fdc44f4980dbb856d56d10e, type: 3}
      propertyPath: m_LocalPosition.y
      value: -0.2
      objectReference: {fileID: 0}
    - target: {fileID: 4628685173995096, guid: a7093f067fdc44f4980dbb856d56d10e, type: 3}
      propertyPath: m_LocalPosition.z
      value: 0
      objectReference: {fileID: 0}
    - target: {fileID: 4628685173995096, guid: a7093f067fdc44f4980dbb856d56d10e, type: 3}
      propertyPath: m_LocalRotation.w
      value: 1
      objectReference: {fileID: 0}
    - target: {fileID: 4628685173995096, guid: a7093f067fdc44f4980dbb856d56d10e, type: 3}
      propertyPath: m_LocalRotation.x
      value: 0
      objectReference: {fileID: 0}
    - target: {fileID: 4628685173995096, guid: a7093f067fdc44f4980dbb856d56d10e, type: 3}
      propertyPath: m_LocalRotation.y
      value: 0
      objectReference: {fileID: 0}
    - target: {fileID: 4628685173995096, guid: a7093f067fdc44f4980dbb856d56d10e, type: 3}
      propertyPath: m_LocalRotation.z
      value: 0
      objectReference: {fileID: 0}
    - target: {fileID: 4628685173995096, guid: a7093f067fdc44f4980dbb856d56d10e, type: 3}
      propertyPath: m_LocalEulerAnglesHint.x
      value: 0
      objectReference: {fileID: 0}
    - target: {fileID: 4628685173995096, guid: a7093f067fdc44f4980dbb856d56d10e, type: 3}
      propertyPath: m_LocalEulerAnglesHint.y
      value: 0
      objectReference: {fileID: 0}
    - target: {fileID: 4628685173995096, guid: a7093f067fdc44f4980dbb856d56d10e, type: 3}
      propertyPath: m_LocalEulerAnglesHint.z
      value: 0
      objectReference: {fileID: 0}
    m_RemovedComponents: []
  m_SourcePrefab: {fileID: 100100000, guid: a7093f067fdc44f4980dbb856d56d10e, type: 3}
--- !u!4 &6238556033414498175 stripped
Transform:
  m_CorrespondingSourceObject: {fileID: 4628685173995096, guid: a7093f067fdc44f4980dbb856d56d10e, type: 3}
  m_PrefabInstance: {fileID: 6234033477035503911}
  m_PrefabAsset: {fileID: 0}
